% Encoding: UTF-8

@article{Anabalon:2013eaa,
    author = "Anabalon, Andres and Astefanesei, Dumitru",
    title = "{Black holes in $\omega$-defomed gauged $N=8$ supergravity}",
    eprint = "1311.7459",
    archivePrefix = "arXiv",
    primaryClass = "hep-th",
    doi = "10.1016/j.physletb.2014.03.035",
    journal = "Phys. Lett. B",
    volume = "732",
    pages = "137--141",
    year = "2014"
}

@article{Anabalon:2017yhv,
    author = "Anabal\'on, Andr\'es and Astefanesei, Dumitru and Gallerati, Antonio and Trigiante, Mario",
    title = "{Hairy Black Holes and Duality in an Extended Supergravity Model}",
    eprint = "1712.06971",
    archivePrefix = "arXiv",
    primaryClass = "hep-th",
    doi = "10.1007/JHEP04(2018)058",
    journal = "JHEP",
    volume = "04",
    pages = "058",
    year = "2018"
}

@article{Anabalon:2012ih,
    author = "Anabalon, Andres and Oliva, Julio",
    title = "{Exact Hairy Black Holes and their Modification to the Universal Law of Gravitation}",
    eprint = "1205.6012",
    archivePrefix = "arXiv",
    primaryClass = "gr-qc",
    doi = "10.1103/PhysRevD.86.107501",
    journal = "Phys. Rev. D",
    volume = "86",
    pages = "107501",
    year = "2012"
}

@article{Anabalon:2013sra,
    author = "Anabal\'on, Andr\'es and Astefanesei, Dumitru",
    title = "{On attractor mechanism of $AdS_{4}$ black holes}",
    eprint = "1309.5863",
    archivePrefix = "arXiv",
    primaryClass = "hep-th",
    doi = "10.1016/j.physletb.2013.11.013",
    journal = "Phys. Lett. B",
    volume = "727",
    pages = "568--572",
    year = "2013"
}

@article{Anabalon:2013qua,
    author = "Anabalon, Andres and Astefanesei, Dumitru and Mann, Robert",
    title = "{Exact asymptotically flat charged hairy black holes with a dilaton potential}",
    eprint = "1308.1693",
    archivePrefix = "arXiv",
    primaryClass = "hep-th",
    doi = "10.1007/JHEP10(2013)184",
    journal = "JHEP",
    volume = "10",
    pages = "184",
    year = "2013"
}

@article{Acena:2012mr,
    author = "Acena, Andres and Anabalon, Andres and Astefanesei, Dumitru",
    title = "{Exact hairy black brane solutions in $AdS_{5}$ and holographic RG flows}",
    eprint = "1211.6126",
    archivePrefix = "arXiv",
    primaryClass = "hep-th",
    doi = "10.1103/PhysRevD.87.124033",
    journal = "Phys. Rev. D",
    volume = "87",
    number = "12",
    pages = "124033",
    year = "2013"
}

@article{Acena:2013jya,
    author = "Ace\~na, Andr\'es and Anabal\'on, Andr\'es and Astefanesei, Dumitru and Mann, Robert",
    title = "{Hairy planar black holes in higher dimensions}",
    eprint = "1311.6065",
    archivePrefix = "arXiv",
    primaryClass = "hep-th",
    doi = "10.1007/JHEP01(2014)153",
    journal = "JHEP",
    volume = "01",
    pages = "153",
    year = "2014"
}

@article{Herdeiro:2014jaa,
    author = "Herdeiro, Carlos and Radu, Eugen",
    title = "{Ergosurfaces for Kerr black holes with scalar hair}",
    eprint = "1406.1225",
    archivePrefix = "arXiv",
    primaryClass = "gr-qc",
    doi = "10.1103/PhysRevD.89.124018",
    journal = "Phys. Rev. D",
    volume = "89",
    number = "12",
    pages = "124018",
    year = "2014"
}

@article{Astefanesei:2005ad,
    author = "Astefanesei, Dumitru and Radu, Eugen",
    title = "{Quasilocal formalism and black ring thermodynamics}",
    eprint = "hep-th/0509144",
    archivePrefix = "arXiv",
    doi = "10.1103/PhysRevD.73.044014",
    journal = "Phys. Rev. D",
    volume = "73",
    pages = "044014",
    year = "2006"
}

@article{Astefanesei:2009wi,
    author = "Astefanesei, Dumitru and Mann, Robert B. and Rodriguez, Maria J. and Stelea, Cristian",
    title = "{Quasilocal formalism and thermodynamics of asymptotically flat black objects}",
    eprint = "0909.3852",
    archivePrefix = "arXiv",
    primaryClass = "hep-th",
    reportNumber = "AEI-2009-092",
    doi = "10.1088/0264-9381/27/16/165004",
    journal = "Class. Quant. Grav.",
    volume = "27",
    pages = "165004",
    year = "2010"
}

@article{Astefanesei:2006zd,
    author = "Astefanesei, Dumitru and Mann, Robert B. and Stelea, Cristian",
    title = "{Note on counterterms in asymptotically flat spacetimes}",
    eprint = "hep-th/0608037",
    archivePrefix = "arXiv",
    doi = "10.1103/PhysRevD.75.024007",
    journal = "Phys. Rev. D",
    volume = "75",
    pages = "024007",
    year = "2007"
}

@article{Astefanesei:2010bm,
    author = "Astefanesei, Dumitru and Rodriguez, Maria J. and Theisen, Stefan",
    title = "{Thermodynamic instability of doubly spinning black objects}",
    eprint = "1003.2421",
    archivePrefix = "arXiv",
    primaryClass = "hep-th",
    reportNumber = "AEI-2010-039",
    doi = "10.1007/JHEP08(2010)046",
    journal = "JHEP",
    volume = "08",
    pages = "046",
    year = "2010"
}

@article{Anabalon:2014fla,
    author = "Anabalon, Andres and Astefanesei, Dumitru and Martinez, Cristian",
    title = "{Mass of asymptotically anti\textendash{}de Sitter hairy spacetimes}",
    eprint = "1407.3296",
    archivePrefix = "arXiv",
    primaryClass = "hep-th",
    doi = "10.1103/PhysRevD.91.041501",
    journal = "Phys. Rev. D",
    volume = "91",
    number = "4",
    pages = "041501",
    year = "2015"
}

@article{Anabalon:2015xvl,
    author = "Anabalon, Andres and Astefanesei, Dumitru and Choque, David and Martinez, Cristian",
    title = "{Trace Anomaly and Counterterms in Designer Gravity}",
    eprint = "1511.08759",
    archivePrefix = "arXiv",
    primaryClass = "hep-th",
    doi = "10.1007/JHEP03(2016)117",
    journal = "JHEP",
    volume = "03",
    pages = "117",
    year = "2016"
}

%Weyner
@article{         harris2020array,
 title         = {Array programming with {NumPy}},
 author        = {Charles R. Harris and K. Jarrod Millman and St{'{e}}fan J.
                 van der Walt and Ralf Gommers and Pauli Virtanen and David
                 Cournapeau and Eric Wieser and Julian Taylor and Sebastian
                 Berg and Nathaniel J. Smith and Robert Kern and Matti Picus
                 and Stephan Hoyer and Marten H. van Kerkwijk and Matthew
                 Brett and Allan Haldane and Jaime Fern{'{a}}ndez del
                 R{'{\i}}o and Mark Wiebe and Pearu Peterson and Pierre
                 G{'{e}}rard-Marchant and Kevin Sheppard and Tyler Reddy and
                 Warren Weckesser and Hameer Abbasi and Christoph Gohlke and
                 Travis E. Oliphant},
 year          = {2020},
 month         = sep,
 journal       = {Nature},
 volume        = {585},
 number        = {7825},
 pages         = {357--362},
 doi           = {10.1038/s41586-020-2649-2},
 publisher     = {Springer Science and Business Media {LLC}},
 url           = {https://doi.org/10.1038/s41586-020-2649-2}
}

@article{Hunter:2007,
  Author    = {Hunter, J. D.},
  Title     = {Matplotlib: A 2D graphics environment},
  Journal   = {Computing in Science \& Engineering},
  Volume    = {9},
  Number    = {3},
  Pages     = {90--95},
  abstract  = {Matplotlib is a 2D graphics package used for Python for
  application development, interactive scripting, and publication-quality
  image generation across user interfaces and operating systems.},
  publisher = {IEEE COMPUTER SOC},
  doi       = {10.1109/MCSE.2007.55},
  year      = 2007
}

@article{2020SciPy-NMeth,
  author  = {Virtanen, Pauli and Gommers, Ralf and Oliphant, Travis E. and
            Haberland, Matt and Reddy, Tyler and Cournapeau, David and
            Burovski, Evgeni and Peterson, Pearu and Weckesser, Warren and
            Bright, Jonathan and {van der Walt}, St{\'e}fan J. and
            Brett, Matthew and Wilson, Joshua and Millman, K. Jarrod and
            Mayorov, Nikolay and Nelson, Andrew R. J. and Jones, Eric and
            Kern, Robert and Larson, Eric and Carey, C J and
            Polat, {\.I}lhan and Feng, Yu and Moore, Eric W. and
            {VanderPlas}, Jake and Laxalde, Denis and Perktold, Josef and
            Cimrman, Robert and Henriksen, Ian and Quintero, E. A. and
            Harris, Charles R. and Archibald, Anne M. and
            Ribeiro, Ant{\^o}nio H. and Pedregosa, Fabian and
            {van Mulbregt}, Paul and {SciPy 1.0 Contributors}},
  title   = {{{SciPy} 1.0: Fundamental Algorithms for Scientific
            Computing in Python}},
  journal = {Nature Methods},
  year    = {2020},
  volume  = {17},
  pages   = {261--272},
  adsurl  = {https://rdcu.be/b08Wh},
  doi     = {10.1038/s41592-019-0686-2},
}

@article{Astefanesei:2020qxk,
    author = "Astefanesei, Dumitru and Herdeiro, Carlos and Oliveira, Jo\~ao and Radu, Eugen",
    title = "{Higher dimensional black hole scalarization}",
    eprint = "2007.04153",
    archivePrefix = "arXiv",
    primaryClass = "gr-qc",
    doi = "10.1007/JHEP09(2020)186",
    journal = "JHEP",
    volume = "09",
    pages = "186",
    year = "2020"
}

@article{Anabalon:2020pez,
    author = "Anabalon, Andres and Astefanesei, Dumitru and Gallerati, Antonio and Trigiante, Mario",
    title = "{New non-extremal and BPS hairy black holes in gauged $\,\mathcal{N}=2\,$ and $\,\mathcal{N}=8\,$ supergravity}",
    eprint = "2012.09877",
    archivePrefix = "arXiv",
    primaryClass = "hep-th",
    month = "12",
    year = "2020"
}

@article{Anabalon:2015ija,
    author = "Anabalon, Andres and Astefanesei, Dumitru and Choque, David",
    title = "{On the thermodynamics of hairy black holes}",
    eprint = "1501.04252",
    archivePrefix = "arXiv",
    primaryClass = "hep-th",
    doi = "10.1016/j.physletb.2015.02.024",
    journal = "Phys. Lett. B",
    volume = "743",
    pages = "154--159",
    year = "2015"
}

@article{Anabalon:2016izw,
    author = "Anabalon, Andres and Astefanesei, Dumitru and Choque, David",
    title = "{Hairy AdS Solitons}",
    eprint = "1606.07870",
    archivePrefix = "arXiv",
    primaryClass = "hep-th",
    reportNumber = "UAI-PHY-16-10",
    doi = "10.1016/j.physletb.2016.08.049",
    journal = "Phys. Lett. B",
    volume = "762",
    pages = "80--85",
    year = "2016"
}

@article{Astefanesei:2019mds,
    author = "Astefanesei, Dumitru and Choque, David and G\'omez, Francisco and Rojas, Ra\'ul",
    title = "{Thermodynamically stable asymptotically flat hairy black holes with a dilaton potential}",
    eprint = "1901.01269",
    archivePrefix = "arXiv",
    primaryClass = "hep-th",
    doi = "10.1007/JHEP03(2019)205",
    journal = "JHEP",
    volume = "03",
    pages = "205",
    year = "2019"
}

@article{Astefanesei:2019ehu,
    author = "Astefanesei, Dumitru and Mann, Robert B. and Rojas, Ra\'ul",
    title = "{Hairy Black Hole Chemistry}",
    eprint = "1907.08636",
    archivePrefix = "arXiv",
    primaryClass = "hep-th",
    doi = "10.1007/JHEP11(2019)043",
    journal = "JHEP",
    volume = "11",
    pages = "043",
    year = "2019"
}

@article{Astefanesei:2019qsg,
    author = "Astefanesei, Dumitru and Bl\'azquez-Salcedo, Jose Luis and Herdeiro, Carlos and Radu, Eugen and Sanchis-Gual, Nicolas",
    title = "{Dynamically and thermodynamically stable black holes in Einstein-Maxwell-dilaton gravity}",
    eprint = "1912.02192",
    archivePrefix = "arXiv",
    primaryClass = "gr-qc",
    doi = "10.1007/JHEP07(2020)063",
    journal = "JHEP",
    volume = "07",
    pages = "063",
    year = "2020"
}

@article{Anabalon:2019tcy,
    author = "Anabalon, Andres and Astefanesei, Dumitru and Choque, David and Edelstein, Jose D.",
    title = "{Phase transitions of neutral planar hairy AdS black holes}",
    eprint = "1912.03318",
    archivePrefix = "arXiv",
    primaryClass = "hep-th",
    doi = "10.1007/JHEP07(2020)129",
    journal = "JHEP",
    volume = "07",
    pages = "129",
    year = "2020"
}

@article{Astefanesei:2020xvn,
    author = "Astefanesei, Dumitru and Luis Bl\'azquez-Salcedo, Jose and G\'omez, Francisco and Rojas, Ra\'ul",
    title = "{Thermodynamically stable asymptotically flat hairy black holes with a dilaton potential: the general case}",
    eprint = "2009.01854",
    archivePrefix = "arXiv",
    primaryClass = "hep-th",
    doi = "10.1007/JHEP02(2021)233",
    journal = "JHEP",
    volume = "02",
    pages = "233",
    year = "2021"
}

@article{Anabalon:2020qux,
    author = "Anabal\'on, Andr\'es and Astefanesei, Dumitru and Choque, David and Gallerati, Antonio and Trigiante, Mario",
    title = "{Exact holographic RG flows in extended SUGRA}",
    eprint = "2012.01289",
    archivePrefix = "arXiv",
    primaryClass = "hep-th",
    month = "12",
    year = "2020"
}

@article{Hertog:2006rr,
    author = "Hertog, Thomas",
    title = "{Towards a Novel no-hair Theorem for Black Holes}",
    eprint = "gr-qc/0608075",
    archivePrefix = "arXiv",
    doi = "10.1103/PhysRevD.74.084008",
    journal = "Phys. Rev. D",
    volume = "74",
    pages = "084008",
    year = "2006"
}

@article{Astefanesei:2007vh,
    author = "Astefanesei, Dumitru and Nastase, Horatiu and Yavartanoo, Hossein and Yun, Sangheon",
    title = "{Moduli flow and non-supersymmetric AdS attractors}",
    eprint = "0711.0036",
    archivePrefix = "arXiv",
    primaryClass = "hep-th",
    reportNumber = "TIT-HEP-576",
    doi = "10.1088/1126-6708/2008/04/074",
    journal = "JHEP",
    volume = "04",
    pages = "074",
    year = "2008"
}

@article{Anabalon:2013baa,
    author = "Anabalon, Andres and Deruelle, Nathalie",
    title = "{On the mechanical stability of asymptotically flat black holes with minimally coupled scalar hair}",
    eprint = "1307.2194",
    archivePrefix = "arXiv",
    primaryClass = "gr-qc",
    doi = "10.1103/PhysRevD.88.064011",
    journal = "Phys. Rev. D",
    volume = "88",
    pages = "064011",
    year = "2013"
}

@article{Junior:2021atr,
    author = "Junior, Haroldo C. D. Lima and Crispino, Lu\'\i{}s C. B. and Cunha, Pedro V. P. and Herdeiro, Carlos A. R.",
    title = "{Mistaken identity: can different black holes cast the same shadow?}",
    eprint = "2102.07034",
    archivePrefix = "arXiv",
    primaryClass = "gr-qc",
    month = "2",
    year = "2021"
}

@article{Santos:2021nbf,
    author = "Santos, Nuno M. and Herdeiro, Carlos A. R.",
    title = "{Black holes, stationary clouds and magnetic fields}",
    eprint = "2102.04989",
    archivePrefix = "arXiv",
    primaryClass = "gr-qc",
    doi = "10.1016/j.physletb.2021.136142",
    journal = "Phys. Lett. B",
    volume = "815",
    pages = "136142",
    year = "2021"
}

@article{Herdeiro:2021lwl,
    author = "Herdeiro, Carlos A. R. and Pombo, Alexandre M. and Radu, Eugen and Cunha, Pedro V. P. and Sanchis-Gual, Nicolas",
    title = "{The imitation game: Proca stars that can mimic the Schwarzschild shadow}",
    eprint = "2102.01703",
    archivePrefix = "arXiv",
    primaryClass = "gr-qc",
    month = "2",
    year = "2021"
}

@article{Anabalon:2020loe,
    author = "Anabal\'on, Andr\'es and de Wit, Bernard and Oliva, Julio",
    title = "{Supersymmetric traversable wormholes}",
    eprint = "2001.00606",
    archivePrefix = "arXiv",
    primaryClass = "hep-th",
    doi = "10.1007/JHEP09(2020)109",
    journal = "JHEP",
    volume = "09",
    pages = "109",
    year = "2020"
}

@article{Nunez:1996xv,
    author = "Nunez, Dario and Quevedo, Hernando and Sudarsky, Daniel",
    title = "{Black holes have no short hair}",
    eprint = "gr-qc/9601020",
    archivePrefix = "arXiv",
    doi = "10.1103/PhysRevLett.76.571",
    journal = "Phys. Rev. Lett.",
    volume = "76",
    pages = "571--574",
    year = "1996"
}


@article{david1511,
    author = "David Choque, Wilson Dael and  Raúl Rojas",
    title = "{Deflection of Light and Periapsis Shift by Hairy BlackHoles}",
    eprint = "To apperar",
    archivePrefix = "xxxx",
    doi = "xxxxxx",
}

@article{Herdeiro:2016tmi,
    author = "Herdeiro, Carlos and Radu, Eugen and R\'unarsson, Helgi",
    title = "{Kerr black holes with Proca hair}",
    eprint = "1603.02687",
    archivePrefix = "arXiv",
    primaryClass = "gr-qc",
    doi = "10.1088/0264-9381/33/15/154001",
    journal = "Class. Quant. Grav.",
    volume = "33",
    number = "15",
    pages = "154001",
    year = "2016"
}

@article{Vincent:2016sjq,
    author = "Vincent, F. H. and Gourgoulhon, E. and Herdeiro, C. and Radu, E.",
    title = "{Astrophysical imaging of Kerr black holes with scalar hair}",
    eprint = "1606.04246",
    archivePrefix = "arXiv",
    primaryClass = "gr-qc",
    doi = "10.1103/PhysRevD.94.084045",
    journal = "Phys. Rev. D",
    volume = "94",
    number = "8",
    pages = "084045",
    year = "2016"
}

@article{Diemer:2013zms,
    author = "Diemer, Valeria and Eilers, Keno and Hartmann, Betti and Schaffer, Isabell and Toma, Catalin",
    title = "{Geodesic motion in the space-time of a noncompact boson star}",
    eprint = "1304.5646",
    archivePrefix = "arXiv",
    primaryClass = "gr-qc",
    doi = "10.1103/PhysRevD.88.044025",
    journal = "Phys. Rev. D",
    volume = "88",
    number = "4",
    pages = "044025",
    year = "2013"
}

@article{Porth:2016rfi,
    author = "Porth, Oliver and Olivares, Hector and Mizuno, Yosuke and Younsi, Ziri and Rezzolla, Luciano and Moscibrodzka, Monika and Falcke, Heino and Kramer, Michael",
    title = "{The Black Hole Accretion Code}",
    eprint = "1611.09720",
    archivePrefix = "arXiv",
    primaryClass = "gr-qc",
    doi = "10.1186/s40668-017-0020-2",
    month = "11",
    year = "2016"
}

@article{Cunha:2018acu,
    author = "Cunha, Pedro V. P. and Herdeiro, Carlos A. R.",
    title = "{Shadows and strong gravitational lensing: a brief review}",
    eprint = "1801.00860",
    archivePrefix = "arXiv",
    primaryClass = "gr-qc",
    doi = "10.1007/s10714-018-2361-9",
    journal = "Gen. Rel. Grav.",
    volume = "50",
    number = "4",
    pages = "42",
    year = "2018"
}

@article{Kraus:1999di,
    author = "Kraus, Per and Larsen, Finn and Siebelink, Ruud",
    title = "{The gravitational action in asymptotically AdS and flat space-times}",
    eprint = "hep-th/9906127",
    archivePrefix = "arXiv",
    reportNumber = "EFI-99-29, KUL-TF-99-23",
    doi = "10.1016/S0550-3213(99)00549-0",
    journal = "Nucl. Phys. B",
    volume = "563",
    pages = "259--278",
    year = "1999"
}

@book{10.5555/1593511,
 author = {Van Rossum, Guido and Drake, Fred L.},
 title = {Python 3 Reference Manual},
 year = {2009},
 isbn = {1441412697},
 publisher = {CreateSpace},
 address = {Scotts Valley, CA}
}

@misc{weyner:2021,
  author = {Ccuiro, W.},
  title = {hairy{BH}},
  year = {2021},
  publisher = {Python Package Index},
  journal = {Python Package Index repository},
  howpublished = {\url{https://pypi.org/project/hairyBH/}},
  commit = {055d44fa188f2d0ae7d8580e24b4f827c1426585}
}

@misc{gustavo:2021,
  author = {Valdivia-Mera, G.},
  title = {Orbits-in-{S}chwarzschild-spacetime},
  year = {2021},
  publisher = {GitHub},
  journal = {GitHub repository},
  howpublished = {\url{https://github.com/gcvaldivia/Orbits-in-Schwarzschild-spacetime}},
  commit = {51571e948b35b692ffcda397443e99735eff5aad}}

@book{newton87a,
  added-at = {2007-06-15T17:33:15.000+0200},
  address = {London},
  author = {Newton, Isaac},
  biburl = {https://www.bibsonomy.org/bibtex/2833948101a0a5222a7a06a0c220b24f1/kaigrass},
  interhash = {aacad164a8d97cdc23bc04e7c7b07c80},
  intrahash = {833948101a0a5222a7a06a0c220b24f1},
  keywords = {imported},
  publisher = {apud {Sa. Smith}},
  timestamp = {2007-06-15T17:33:22.000+0200},
  title = {Philosophiae Naturalis Principia Mathematica},
  year = 1687
}

@article{einstein,
  added-at = {2019-10-12T22:59:55.000+0200},
  author = {Einstein, Albert},
  biburl = {https://www.bibsonomy.org/bibtex/2434fd61e80b9bdc484029ca2f3c8939e/luis.emanuel},
  doi = {http://dx.doi.org/10.1002/andp.19053221004},
  interhash = {b9a5d0c6e59d27c138687dfecd624802},
  intrahash = {434fd61e80b9bdc484029ca2f3c8939e},
  journal = {Annalen der Physik},
  keywords = {imported},
  number = 10,
  pages = {891--921},
  timestamp = {2019-10-12T23:03:44.000+0200},
  title = {{Zur Elektrodynamik bewegter K{\"o}rper}. ({German})
    [{On} the electrodynamics of moving bodies]},
  volume = 322,
  year = 1905
}

@book{1994bhtw.bookT,
       author = {{Thorne}, Kip S.},
        title = "{Black holes and time warps: Einstein's outrageous legacy}",
         year = 1994,
       adsurl = {https://ui.adsabs.harvard.edu/abs/1994bhtw.book.....T},
      adsnote = {Provided by the SAO/NASA Astrophysics Data System}
}

@book{Landau1976Mechanics,
  abstract = {{Devoted to the foundation of mechanics, namely classical Newtonian mechanics, the subject is based mainly on Galileo's principle of relativity and Hamilton's principle of least action.  The exposition is simple and leads to the most complete direct means of solving problems in mechanics.<br><br>The final sections on adiabatic invariants have been revised and augmented.  In addition a short biography of L D Landau has been inserted.}},
  added-at = {2014-01-09T15:14:33.000+0100},
  author = {Landau, L. D. and Lifshitz, E. M.},
  biburl = {https://www.bibsonomy.org/bibtex/232094700279b0b29535b00eef69fe8a2/jaspervh},
  citeulike-article-id = {556680},
  citeulike-linkout-0 = {http://www.amazon.ca/exec/obidos/redirect?tag=citeulike09-20&amp;path=ASIN/0750628960},
  citeulike-linkout-1 = {http://www.amazon.de/exec/obidos/redirect?tag=citeulike01-21&amp;path=ASIN/0750628960},
  citeulike-linkout-2 = {http://www.amazon.fr/exec/obidos/redirect?tag=citeulike06-21&amp;path=ASIN/0750628960},
  citeulike-linkout-3 = {http://www.amazon.jp/exec/obidos/ASIN/0750628960},
  citeulike-linkout-4 = {http://www.amazon.co.uk/exec/obidos/ASIN/0750628960/citeulike00-21},
  citeulike-linkout-5 = {http://www.amazon.com/exec/obidos/redirect?tag=citeulike07-20&path=ASIN/0750628960},
  citeulike-linkout-6 = {http://www.worldcat.org/isbn/0750628960},
  citeulike-linkout-7 = {http://books.google.com/books?vid=ISBN0750628960},
  citeulike-linkout-8 = {http://www.amazon.com/gp/search?keywords=0750628960&index=books&linkCode=qs},
  citeulike-linkout-9 = {http://www.librarything.com/isbn/0750628960},
  day = 15,
  edition = 3,
  howpublished = {Paperback},
  interhash = {6f178049fbce8cb4c2a285196adc8a07},
  intrahash = {32094700279b0b29535b00eef69fe8a2},
  isbn = {0750628960},
  keywords = {book},
  month = jan,
  posted-at = {2011-05-23 16:54:22},
  priority = {2},
  publisher = {Butterworth-Heinemann},
  timestamp = {2014-01-09T15:14:33.000+0100},
  title = {Mechanics, Third Edition: Volume 1 (Course of Theoretical Physics)},
  url = {http://www.worldcat.org/isbn/0750628960},
  year = 1976
}










